
@article{fidkowski_coupled_2022,
	title = {A {Coupled} {Inviscid}â€“{Viscous} {Airfoil} {Analysis} {Solver}, {Revisited}},
	volume = {60},
	issn = {0001-1452, 1533-385X},
	url = {https://arc.aiaa.org/doi/10.2514/1.J061341},
	doi = {10.2514/1.J061341},
	language = {en},
	number = {5},
	urldate = {2022-05-09},
	journal = {AIAA Journal},
	author = {Fidkowski, Krzysztof J.},
	month = may,
	year = {2022},
	pages = {2961--2971},
}
